@GPU{DescripcionGPU,
title = {Comparando CPUs y GPUs para inteligencia artificial},
  author = {{Álvaro Gonzalo}},
  organization = {machinelearningparatodos},
  address = {Madrid, España},
  year = {2019},
  url = {https://machinelearningparatodos.com/comparando-cpus-y-gpus-para-inteligencia-artificial/},
}

@GPU{DescripcionTPU,
title = {Unidad de procesamiento tensorial},
  author = {{Silva Selva}},
  organization = {wikipedia},
  address = {Mexico},
  year = {2020},
  url = {https://es.wikipedia.org/wiki/Unidad_de_procesamiento_tensorial},
}



@Book{rmarkdown2018,
  title = {R Markdown: The Definitive Guide},
  author = {Yihui Xie and J.J. Allaire and Garrett Grolemund},
  publisher = {Chapman and Hall/CRC},
  address = {Boca Raton, Florida},
  year = {2018},
  note = {ISBN 9781138359338},
  url = {https://bookdown.org/yihui/rmarkdown},
}

